@misc{Leslie.{1994},
  title={The Not So Short Introduction to {\LaTeXe}},
  author={Oetiker, Tobias and Partl, Hubert and Hyna, Irene and Schlegl, Elisabeth},
  year={2010}
  }

@misc{Donald.{1984},
  title={{\LaTeXe} for class and package writers},
  author={The {\LaTeX} 3 Project},
  year={1999},
}